
@article{lc,
	Adsnote = {Provided by the SAO/NASA Astrophysics Data System},
	Adsurl = {http://adsabs.harvard.edu/abs/2010A%26A...524A..48T},
	Archiveprefix = {arXiv},
	Author = {{Tluczykont}, M. and others},
	Doi = {10.1051/0004-6361/201015193},
	Eid = {A48},
	Eprint = {1010.5659},
	Journal = {\aap},
	Keywords = {gamma rays: general, galaxies: active, BL Lacertae objects: general, BL Lacertae objects: individual: Mrk 421, BL Lacertae objects: individual: Mrk 501},
	Month = dec,
	Pages = {A48},
	Primaryclass = {astro-ph.HE},
	Title = {{Long-term lightcurves from combined unified very high energy {$\gamma$}-ray data}},
	Volume = 524,
	Year = 2010,
}

@article{gammapy,
	Adsnote = {Provided by the SAO/NASA Astrophysics Data System},
	Adsurl = {http://adsabs.harvard.edu/abs/2015arXiv150907408D},
	Archiveprefix = {arXiv},
	Author = {{Donath}, A. and others},
	Eprint = {1509.07408},
	Journal = {ArXiv e-prints},
	Keywords = {Astrophysics - Instrumentation and Methods for Astrophysics},
	Month = sep,
	Primaryclass = {astro-ph.IM},
	Title = {{Gammapy - A Python package for $\{$$\backslash$gamma$\}$-ray astronomy}},
	Year = 2015,
}

@article{open-gamma,
	Adsnote = {Provided by the SAO/NASA Astrophysics Data System},
	Adsurl = {http://adsabs.harvard.edu/abs/2016arXiv161001884D},
	Archiveprefix = {arXiv},
	Author = {{Deil}, C. and others},
	Eprint = {1610.01884},
	Journal = {ArXiv e-prints},
	Keywords = {Astrophysics - Instrumentation and Methods for Astrophysics, Astrophysics - High Energy Astrophysical Phenomena},
	Month = oct,
	Primaryclass = {astro-ph.IM},
	Title = {{Open high-level data formats and software for gamma-ray astronomy}},
	Year = 2016,
}

@article{astropy,
	Adsnote = {Provided by the SAO/NASA Astrophysics Data System},
	Adsurl = {http://adsabs.harvard.edu/abs/2013A%26A...558A..33A},
	Author = {{Astropy Collaboration}},
	Doi = {10.1051/0004-6361/201322068},
	Eid = {A33},
	Journal = {\aap},
	Keywords = {methods: data analysis, methods: miscellaneous, virtual observatory tools},
	Month = oct,
	Pages = {A33},
	Title = {{Astropy: A community Python package for astronomy}},
	Volume = 558,
	Year = 2013,
}


@article{sne-cat,
	Adsnote = {Provided by the SAO/NASA Astrophysics Data System},
	Adsurl = {http://adsabs.harvard.edu/abs/2016arXiv160501054G},
	Archiveprefix = {arXiv},
	Author = {{Guillochon}, J. and {Parrent}, J. and {Margutti}, R.},
	Eprint = {1605.01054},
	Journal = {ArXiv e-prints},
	Keywords = {Astrophysics - Solar and Stellar Astrophysics, Astrophysics - High Energy Astrophysical Phenomena, Astrophysics - Instrumentation and Methods for Astrophysics},
	Month = may,
	Primaryclass = {astro-ph.SR},
	Title = {{An Open Catalog for Supernova Data}},
	Year = 2016,
}


@article{tgevcat,
	Adsnote = {Provided by the SAO/NASA Astrophysics Data System},
	Adsurl = {http://adsabs.harvard.edu/abs/2015arXiv151008681C},
	Archiveprefix = {arXiv},
	Author = {{Carosi}, A. and {Lucarelli}, F. and {Antonelli}, L.~A. and {Giommi}, P.},
	Eprint = {1510.08681},
	Journal = {ArXiv e-prints},
	Keywords = {Astrophysics - Instrumentation and Methods for Astrophysics},
	Month = oct,
	Primaryclass = {astro-ph.IM},
	Title = {{The Very High Energy source catalog at the ASI Science Data Center}},
	Year = 2015,
}

@inproceedings{tevcat,
	Adsnote = {Provided by the SAO/NASA Astrophysics Data System},
	Adsurl = {http://adsabs.harvard.edu/abs/2008ICRC....3.1341W},
	Author = {{Wakely}, S.~P. and {Horan}, D.},
	Booktitle = {ICRC},
	Pages = {1341-1344},
	Series = {ICRC},
	Title = {{TeVCat: An online catalog for Very High Energy Gamma-Ray Astronomy}},
	Volume = 3,
	Year = 2008,
}


@inproceedings{sherpa,
	Adsnote = {Provided by the SAO/NASA Astrophysics Data System},
	Adsurl = {http://adsabs.harvard.edu/abs/2001SPIE.4477...76F},
	Author = {{Freeman}, P. and {Doe}, S. and {Siemiginowska}, A.},
	Booktitle = {Society of Photo-Optical Instrumentation Engineers (SPIE) Conference Series},
	Doi = {10.1117/12.447161},
	Editor = {{J.-L.~Starck \& F.~D.~Murtagh}},
	Month = nov,
	Pages = {76-87},
	Rating = {5},
	Series = {Society of Photo-Optical Instrumentation Engineers (SPIE) Conference Series},
	Title = {{Sherpa: a mission-independent data analysis application}},
	Volume = 4477,
	Year = 2001,
}


@article{fermi-2fhl,
	Author = {{Ackermann}, M. and others},
	Adsnote = {Provided by the SAO/NASA Astrophysics Data System},
	Adsurl = {http://adsabs.harvard.edu/abs/2016ApJS..222....5A},
	Archiveprefix = {arXiv},
	Doi = {10.3847/0067-0049/222/1/5},
	Eid = {5},
	Eprint = {1508.04449},
	Journal = {\apjs},
	Keywords = {catalogs, gamma-rays: general},
	Month = jan,
	Pages = {5},
	Primaryclass = {astro-ph.HE},
	Title = {{2FHL: The Second Catalog of Hard Fermi-LAT Sources}},
	Volume = 222,
	Year = 2016,
}
